@article{Chevalier1982,
  author = {Chevalier, Roger A.},
  title = {Self-similar solutions for the interaction of stellar ejecta with an external medium},
  journal = {The Astrophysical Journal},
  year = {1982},
  volume = {258},
  pages = {790},
  doi = {10.1086/160127},
  url = {https://ui.adsabs.harvard.edu/abs/1982ApJ...258..790C}
}
@Preprint{Moriya2019Preprint,
  author = {{Moriya}, Takashi~J.},
  title = "{VTC J095517.5+690813: A radio transient from an accretion-induced collapse of a white dwarf?}",
  eprint = {astro-ph/1909.07183v1},
  archivePrefix = {arXiv},
  primaryClass = {astro-ph.HE},
  year = 2019,
  month = {September},
  note = {Preprint}
}