
@book{godunov1976,
	title={Численное решение многомерных задач газовой динамики},
	author={{Годунов}, С.К. and {Забродин}, А.В. and {Иванов}, М.Я. and {Крайко}, А.Н. and {Прокопов}, Г.П.},
	year={1976},
	publisher={Издательство Наука}
}

@book{mihalas1984,
	author = {{Mihalas}, D. and {Mihalas}, B.~W.},
	title = "{Foundations of radiation hydrodynamics}",
	year = 1984,
	adsurl = {https://ui.adsabs.harvard.edu/abs/1984oup..book.....M},
	adsnote = {Provided by the SAO/NASA Astrophysics Data System}
}

@article{sod1978,
	title={A survey of several finite difference methods for systems of nonlinear hyperbolic conservation laws},
	author={Sod, Gary A},
	journal={Journal of computational physics},
	volume={27},
	number={1},
	pages={1--31},
	year={1978},
	publisher={Elsevier}
}

@book{zr1968,
	title={Physics of shock waves and high-temperature hydrodynamic phenomena},
	author={Zeldovich, Ya B and Raizer, Yu P},
	volume={2},
	year={1968},
	publisher={Academic Press}
}

@book{MolchanovGasdynamics2013,
  author    = {А.М. Молчанов},
  title     = {Математическое моделирование задач газодинамики и тепломассообмена},
  publisher = {Издательство МАИ},
  year      = {2013},
  address   = {Москва},
  language  = {russian}
}