@book{Zasov2016,
        title={Общая астрофизика},
        author={{Засов}, А.В. and {Постнов}, К.А.},
        volume={3-е (дополненное) издание},
        pages={244--262},
        year={2015},
        publisher={Век-2 Фрязино}
}

@book{Ivanov2022,
        title={ПЕРЕМЕННОСТЬ РАДИОИЗЛУЧЕНИЯ ОСТАТКОВ СВЕРХНОВЫХ
И ВОЗМОЖНЫЙ МЕХАНИЗМ ЯВЛЕНИЯ},
        author={{Иванов}, В. П. and {Ипатов}, А. В. and {Рахимов}, И. А. and {Андреева}, Т. С. },
        journal = {Астрономический журнал},
        volume={99},
        number={11},
        pages={921--932},
        year={2022}       
}

@book{Kaplan1966,
        title={Элементарная радиоастрономия},
        author={{Каплан}, С.А.},
        year={1966}       
}

@book{Shklov1984,
        title={Звёзды: их рождение, жизнь и смерть},
        author={{Шкловский}, И.С.},
}

@book{GFF1983,
        title = {Введение в радиоастрометрию},
        author={{Губанов}, В. С. and {Финкельштейн}, А. М. and {Фридман}, П. А.},
        year={1983}, 
        publisher={Наука. Главная редакция физико-математической литературы}
}

@book{LozBlinChug1986,
        title = {Остатки вспышек сверхновых},
        author={{Лозинская}, Т. А. and {Блинников}, С.И. and {Чугай}, Н. Н.},
         year={1986}, 
        publisher={Институт теоретической и экспериментальной физики}
}
пружинская лисаков природа №12, с. 36, 2015
@article{PruzhLis2015,
    author = {{Пружинская}, М.А. and {Лисаков}, С.М. },
    title = {Как сверхновые стали основой наблюдательной космологии},
    journal = {Прирола},
    number = {12},
    pages = {36-43},
    year = {2015}
}
@book{Spitzer1981,
    author =  {{Спитцер}, Л.},
    title = {Физические процессы в межзвездной среде},
    publisher = {Москва, МИР},
    year = {1981}
}

@article{elementyRadioMicro,
    title = {Радиоизлучение и микроволны},
    journal = {elementy,  https://elementy.ru/posters/spectrum/radio},
    year = {2024+}
}

@article{Levin2009,
    author = {{Левин}, А.Е.},
    title = {Слушая Вселенную},
    journal = {Популярная механика, elementy},
    year = {2009},
    number = {8}
}
}
