@article{weiler1990,
    author = {Weiler, K. W. and Panagia, N. and Sramek, R. A. and van der Hulst, J. M. and Roberts, M. S. and Nguyen, L.},
    title = {Radio Supernovae},
    journal = {Astronomical Society of the Pacific Conference Series},
    year = {1990},
    volume = {10},
    pages = {421}
}

@article{weiler2007radio,
  title={Radio and X-ray Observations of Supernovae},
  author={Weiler, Kurt W. and Sramek, Richard A. and Panagia, Nino and Montes, Maria J. and Rupen, Michael P. and Stockdale, Christopher J.},
  journal={Supernovae},
  pages={99--117},
  year={2007},
  publisher={Springer}
}

@article{van_dyk1994,
    author = {Van Dyk, S. D. and Weiler, K. W. and Sramek, R. A. and Panagia, N.},
    title = {The Radio Light Curves of SN 1993J},
    journal = {Astrophysical Journal Letters},
    year = {1994},
    volume = {432},
    pages = {L115}
}

@article{montes1997,
    author = {Montes, M. J. and Weiler, K. W. and Van Dyk, S. D. and Panagia, N. and Lacey, C. K. and Sramek, R. A. and Park, R.},
    title = {The Radio Evolution of SN 1987A},
    journal = {Astrophysical Journal},
    year = {1997},
    volume = {482},
    pages = {L61}
}

@article{zanardo2010,
    author = {Zanardo, G. and Staveley-Smith, L. and Ball, L. and et al.},
    title = {Spatial and Temporal Evolution of the SN 1987A Radio Remnant},
    journal = {Astrophysical Journal},
    year = {2010},
    volume = {710},
    pages = {1515}
}

@article{chevalier1998,
    author = {Chevalier, R. A.},
    title = {Synchrotron Self-Absorption in Radio Supernovae},
    journal = {Astrophysical Journal},
    year = {1998},
    volume = {499},
    pages = {810}
}

@article{chevalier1982,
    author = {Chevalier, R. A.},
    title = {Self-Similar Solutions for the Interaction of Stellar Ejecta with an External Medium},
    journal = {Astrophysical Journal},
    year = {1982},
    volume = {258},
    pages = {790}
}

@article{reynolds2008,
    author = {Reynolds, S. P.},
    title = {Supernova Remnants at High Energy},
    journal = {Annual Review of Astronomy and Astrophysics},
    year = {2008},
    volume = {46},
    pages = {89}
}

@article{blandford1978,
    author = {Blandford, R. D. and Ostriker, J. P.},
    title = {Particle Acceleration by Astrophysical Shocks},
    journal = {Astrophysical Journal Letters},
    year = {1978},
    volume = {221},
    pages = {L29}
}

@article{cendes2019,
    author = {Cendes, Y. and et al.},
    title = {The CSM of SN 2014C},
    journal = {Astrophysical Journal},
    year = {2019},
    volume = {879},
    pages = {88}
}

@book{draine2011,
    author = {Draine, B. T.},
    title = {Physics of the Interstellar and Intergalactic Medium},
    publisher = {Princeton University Press},
    year = {2011}
}

@article{sedov1959,
    author = {Sedov, L. I.},
    title = {Similarity and Dimensional Methods in Mechanics},
    publisher = {Academic Press},
    year = {1959}
}

@article{taylor1950,
    author = {Taylor, G. I.},
    title = {The Formation of a Blast Wave by a Very Intense Explosion},
    journal = {Proceedings of the Royal Society of London A},
    year = {1950},
    volume = {201},
    pages = {159}
}

@book{toro2009,
    author = {Toro, E. F.},
    title = {Riemann Solvers and Numerical Methods for Fluid Dynamics},
    publisher = {Springer},
    year = {2009}
}