@book{Zasov2016,
        title={Общая астрофизика},
        author={{Засов}, А.В. and {Постнов}, К.А.},
        volume={3-е (дополненное) издание},
        pages={244--262},
        year={2015},
        publisher={Век-2 Фрязино}
}

@book{Ivanov2022,
        title={ПЕРЕМЕННОСТЬ РАДИОИЗЛУЧЕНИЯ ОСТАТКОВ СВЕРХНОВЫХ
И ВОЗМОЖНЫЙ МЕХАНИЗМ ЯВЛЕНИЯ},
        author={{Иванов}, В. П. and {Ипатов}, А. В. and {Рахимов}, И. А. and {Андреева}, Т. С. },
        journal = {Астрономический журнал},
        volume={99},
        number={11},
        pages={921--932},
        year={2022}       
}

@book{Kaplan1966,
        title={Элементарная радиоастрономия},
        author={{Каплан}, С.А.},
        year={1966}       
}


@book{Shklov1984,
        title={Звёзды: их рождение, жизнь и смерть},
        author={{Шкловский}, И.С.},
        year={1984}  
}

@book{Spitzer1981,
    author =  {{Спитцер}, Л.},
    title = {Физические процессы в межзвездной среде},
    publisher = {Москва, МИР},
    year = {1981}
}

@article{elementyRadioMicro,
    title = {Радиоизлучение и микроволны},
    journal = {elementy,  https://elementy.ru/posters/spectrum/radio},
    year = {2024+}
}

@article{Levin2009,
    author = {{Левин}, А.Е.},
    title = {Слушая Вселенную},
    journal = {Популярная механика, elementy},
    year = {2009},
    number = {8}
}

@book{Sedov1977,
    title={Методы подобия и размерности в механике},
    author={Леонид Иванович Седов},
    year={1977},
    publisher={Издательство "Наука"}
}

@book{BK1989,
    title={Физические основы теории звездной эволюции},
    author={Бисноваый-Коган К.Г},
    year={1989},
    publisher={Издательство "Наука"}

}

@book{zr1968,
    title={Physics of shock waves and high-temperature hydrodynamic phenomena},
    author={Zeldovich, Ya B and Raizer, Yu P},
    volume={2},
    year={1968},
    publisher={Academic Press}
}


@article{BulatVolkov2015,
    author = {{Булатов}, П. В. and {Волков}, К.Н.},
    title = {Одномерные задачи газовой динамики и их решение при помощи разностных
схем высокой разрешающей способности},
    journal = {Научно-технический вестник информационных технологий, механики и оптики},
    volume = "15",
    number = "4",
    pages = "731--740",
    year = "2015"
    
}